
@article{Aiello:TB3-1-30,
  author = {L. Aiello and S. Pavan},
  title =  {News from Pisa, and Others},
  journal = j-TUGboat,
  year = {1982},
  volume = {3},
  pages = {30--31},
  number = {1},
  month = mar,
  acknowledgement = {#ack-bnb# and #ack-nhfb#},
  bibdate = {Fri Jul 13 10:24:20 MDT 2007},
  bibsource = {ftp://ftp.math.utah.edu/pub/tex/bib/tugboat.bib; http://www.math.utah.edu/pub/tex/bib/index-table-t.html#tugboat},
  issn = {0896-3207}
}

@article{Akwai:TB11-4-665,
  author = Peter C. Akwai,
  title = {{{\TeX} drug bug}},
  journal = j-TUGboat,
  year = {1990},
  volume = {11},
  pages = {665--665},
  number = {4},
  month = nov,
  acknowledgement = {#ack-bnb# and #ack-nhfb#},
  bibdate = {Fri Jul 13 10:24:20 MDT 2007},
  bibsource = {ftp://ftp.math.utah.edu/pub/tex/bib/tugboat.bib; http://www.math.utah.edu/pub/tex/bib/index-table-t.html#tugboat},
  issn = {0896-3207}
}

@BOOK{Akwaib,
  author = {Peter C. Akwai},
  title = {{{\TeX} drug bug}},
  journal = j-TUGboat,
  year = {1990},
  volume = {11},
  pages = {665--665},
  number = {4},
  month = nov,
  acknowledgement = {#ack-bnb# and #ack-nhfb#},
  bibdate = {Fri Jul 13 10:24:20 MDT 2007},
  bibsource = {ftp://ftp.math.utah.edu/pub/tex/bib/tugboat.bib; http://www.math.utah.edu/pub/tex/bib/index-table-t.html#tugboat},
  issn = {0896-3207}
}
@BOOK{cambell,
  author = {Cambell},
  title = {Australian Numeral Cancellations},
  year = {1983}
