% This is a test for something
% and another
@ARTICLE{leeuwen09components,
  author = {{\noopsort{Leeuwen}}M. {van Leeuwen} and J. Vreeken and A. Siebes},
  title = {Identifying the Components},
  journal = {Data Min. Knowl. Discov.},
  year = {2009},
  volume = {19},
  pages = {173-292},
  number = {2},
  address = {Dordrecht, Netherlands},
  publisher = {Springer Netherlands}
}

@INPROCEEDINGS{leeuwen06,
  author = {{\noopsort{Leeuwen}}M. {van Leeuwen} and J. Vreeken and A. Siebes},
  title = {Compression Picks the Item Sets that Matter},
  booktitle = {Proc. {ECML} {PKDD}'06},
  year = {2006},
  pages = {585-592}
}

@INCOLLECTION{agrawal93,
  author = {R. Agrawal and T. Imielinksi and A. Swami},
  title = {Mining association rules between sets of items in large databases},
  booktitle = {Proc. {SIGMOD}'93},
  publisher = {ACM},
  year = {1993},
  pages = {207--216}
}

@INCOLLECTION{agrawal96fastdisc,
  author = {R. Agrawal and H. Mannila and R. Srikant and H. Toivonen and A. Inkeri
	Verkamo},
  title = {Fast Discovery of Association Rules},
  booktitle = {Advances in Knowledge Discovery and Data Mining},
  publisher = {AAAI},
  year = {1996},
  pages = {307--328}
}

@INPROCEEDINGS{agrawal94association,
  author = {Agrawal, R. and Srikant, R.},
  title = {Fast Algorithms for Mining Association Rules},
  booktitle = {Proc. {VLDB}'94},
  year = {1994},
  pages = {487--499}
}

@INPROCEEDINGS{bayardo98,
  author = {R. Bayardo},
  title = {Efficiently mining long patterns from databases},
  booktitle = {Proc. {SIGMOD}'98},
  year = {1998},
  pages = {85--93}
}

@INPROCEEDINGS{bouzouita06garc,
  author = {I. Bouzouita and S. Elloumi and S. Ben Yahia},
  title = {{GARC}: A New Associative Classification Approach},
  booktitle = {Proc. {DaWaK}'06},
  year = {2006},
  pages = {554-565}
}

@INPROCEEDINGS{brijs99assocdec,
  author = {Brijs, T. and Swinnen, G. and Vanhoof, K. and Wets, G.},
  title = {The use of association rules for product assortment decisions: a
	case study},
  booktitle = {Proc. {KDD}'99},
  year = {1999},
  pages = {254-260}
}

@INPROCEEDINGS{brin97beyond,
  author = {S. Brin and R. Motwani and C. Silverstein},
  title = {Beyond Market Baskets: Generalizing Association Rules to Correlations},
  booktitle = {Proc. {SIGMOD}'97},
  year = {1997},
  pages = {265--276}
}

@INPROCEEDINGS{bringmann07chosen,
  author = {B. Bringmann and A. Zimmermann},
  title = {The Chosen Few: On Identifying Valuable Patterns},
  booktitle = {Proc. {ICDM}'07},
  year = {2007},
  pages = {63--72}
}

@INPROCEEDINGS{calders02ndi,
  author = {T. Calders and B. Goethals},
  title = {Mining all Non-Derivable Frequent Itemsets},
  booktitle = {Proc. {ECML} {PKDD}'02},
  year = {2002},
  pages = {74--85}
}

@INPROCEEDINGS{cremilleux02,
  author = {B. Cr\'{e}milleux and J-F. Boulicaut},
  title = {Simplest Rules Characterizing Classes Generated by $\delta$-Free
	Sets},
  booktitle = {Proc. KBSAAI'02},
  year = {2002},
  pages = {33--46}
}

@ARTICLE{debie11dami,
  author = {De Bie, Tijl},
  title = {Maximum entropy models and subjective interestingness: an application
	to tiles in binary databases},
  journal = {Data Min. Knowl. Disc.},
  year = {2011},
  pages = {1--40},
  publisher = {Springer}
}

@ARTICLE{dong05bordereps,
  author = {G. Dong and J. Li},
  title = {Mining border descriptions of emerging patterns from dataset pairs},
  journal = {Knowledge and Information Systems},
  year = {2005},
  volume = {8},
  pages = {178--202},
  number = {2}
}

@INPROCEEDINGS{dong99eps,
  author = {G. Dong and J. Li},
  title = {Efficient mining of emerging patterns: Discovering trends and differences},
  booktitle = {Proc. {SIGKDD}'99},
  year = {1999},
  pages = {43--52}
}

@INPROCEEDINGS{dong99caep,
  author = {G. Dong and X. Zhang and L. Wong and J. Li},
  title = {{CAEP}: Classification by Aggregating Emerging Patterns},
  booktitle = {Proc. DS'99},
  year = {1999},
  pages = {30--42}
}

@INPROCEEDINGS{gallo07mini,
  author = {A. Gallo and N. Cristianini and T. De Bie},
  title = {MINI: Mining Informative Non-redundant Itemsets},
  booktitle = {Proc. {ECMLPKDD}'07},
  year = {2007},
  pages = {438--445}
}

@INPROCEEDINGS{geerts04,
  author = {F. Geerts and B. Goethals and T. Mielik\"{a}inen},
  title = {Tiling Databases},
  booktitle = {Proc. {DS}'04},
  year = {2004},
  pages = {278--289}
}

@ARTICLE{gionis:07:assessing,
  author = {Aristides Gionis and Heikki Mannila and Taneli Mielik{\"a}inen and
	Panayiotis Tsaparas},
  title = {Assessing data mining results via swap randomization},
  journal = {Trans. Knowl. Data Disc.},
  year = {2007},
  volume = {1},
  number = {3},
  publisher = {ACM}
}

@UNPUBLISHED{goethals03fimi,
  author = {B. Goethals and M. Javeed Zaki},
  title = {Frequent Itemset Mining Implementations Repository ({FIMI})},
  note = {\url{http://fimi.cs.helsinki.fi}},
  year = {2003}
}

@ARTICLE{han07,
  author = {J. Han and H. Cheng and D. Xin and X. Yan},
  title = {Frequent Pattern Mining: Current Status and Future Directions},
  journal = {Data Mining and Knowledge Discovery},
  year = {2007},
  volume = {15},
  pages = {55-86},
  number = {1},
  publisher = {Springer-Verlag}
}

@ARTICLE{han00mining,
  author = {J. Han and J. Pei},
  title = {Mining frequent patterns by pattern-growth: methodology and implications},
  journal = {{SIGKDD} Explorations Newsletter},
  year = {2000},
  volume = {2},
  pages = {14--20},
  number = {2}
}

@INPROCEEDINGS{hanhijarvi09tell,
  author = {Sami Hanhij{\"a}rvi and Markus Ojala and Niko Vuokko and Kai Puolam{\"a}ki
	and Nikolaj Tatti and Heikki Mannila},
  title = {Tell me something I don't know: randomization strategies for iterative
	data mining},
  booktitle = {Proc. KDD'09},
  year = {2009},
  pages = {379--388}
}

@INPROCEEDINGS{heikinheimo07entropy,
  author = {H. Heikinheimo and E. Hinkkanen and H. Mannila and T. Mielik\"{a}inen
	and J. K. Sepp\"{a}nen},
  title = {Finding low-entropy sets and trees from binary data},
  booktitle = {Proc. {KDD}'07},
  year = {2007},
  pages = {350--359}
}

@INPROCEEDINGS{heikinheimo09less,
  author = {Hannes Heikinheimo and Jilles Vreeken and Arno Siebes and Heikki
	Mannila},
  title = {Low-Entropy Set Selection},
  booktitle = {Proc. {SDM}'09},
  year = {2009},
  pages = {569--579}
}

@INPROCEEDINGS{jaroszewicz05bayes,
  author = {S. Jaroszewicz and T. Scheffer},
  title = {Fast discovery of unexpected patterns in data, relative to a Bayesian
	network},
  booktitle = {Proc. {KDD}'05},
  year = {2005},
  pages = {118--127}
}

@INPROCEEDINGS{jaroszewicz04bayes,
  author = {S. Jaroszewicz and D.A. Simovici},
  title = {Interestingness of frequent itemsets using Bayesian networks as background
	knowledge},
  booktitle = {Proc. {KDD}'04},
  year = {2004},
  pages = {178--186}
}

@INPROCEEDINGS{jaroszewicz02pruning,
  author = {S. Jaroszewicz and D. A. Simovici},
  title = {Pruning Redundant Association Rules Using Maximum Entropy Principle},
  booktitle = {Proc. {PAKDD}'02},
  year = {2002},
  pages = {135--147}
}

@INPROCEEDINGS{ke06,
  author = {Y. Ke and J. Cheng and W. Ng},
  title = {Mining quantitative correlated patterns using an information-theoretic
	approach},
  booktitle = {Proc. {KDD}'06},
  year = {2006},
  pages = {227--236}
}

@INPROCEEDINGS{knobbe06a,
  author = {A.J. Knobbe and E.K. Y. Ho},
  title = {Maximally informative $k$-itemsets and their efficient discovery.},
  booktitle = {Proc. {KDD}'06},
  year = {2006},
  pages = {237-244}
}

@INPROCEEDINGS{knobbe06b,
  author = {Knobbe, A. J. and Ho, E. K. Y.},
  title = {Pattern Teams},
  booktitle = {Proc. {ECML} {PKDD}'06},
  year = {2006},
  pages = {577--584}
}

@INPROCEEDINGS{konto10sdm,
  author = {Kleanthis-Nikolaus Kontonasios and Tijl {De Bie}},
  title = {An information-theoretic approach to finding noisy tiles in binary
	databases},
  booktitle = SDM10,
  year = {2010},
  pages = {153--164},
  publisher = {SIAM}
}

@INPROCEEDINGS{koopman09rdbkrimp,
  author = {A. Koopman and A. Siebes},
  title = {Characteristic relational patterns},
  booktitle = {Proc. KDD'09},
  year = {2009},
  pages = {437-446},
  doi = {http://doi.acm.org/10.1145/1557019.1557071}
}

@ARTICLE{koyoturk05veryhighdim,
  author = {Koyot\"{u}rk, M. and Grama, A. and Ramakrishnan, N.},
  title = {Compression, Clustering, and Pattern Discovery in Very High-Dimensional
	Discrete-Attribute Data Sets},
  journal = {Trans Knowledge and Data Engineering},
  year = {2005},
  volume = {17},
  pages = {447-461},
  number = {4},
  publisher = {IEEE}
}

@INPROCEEDINGS{liu98cpa,
  author = {B. Liu and W. Hsu and Y. Ma},
  title = {Integrating Classification and Association Rule Mining},
  booktitle = {Proc. {KDD}'98},
  year = {1998},
  pages = {80-ï¿½86}
}

@INPROCEEDINGS{macqueen67,
  author = {J. MacQueen},
  title = {Some methods for classification and analysis of multivariate observations},
  booktitle = {Proc. 5th Symposium on Mathematical Statistics and Probability},
  year = {1967}
}

@INPROCEEDINGS{mampaey11kdd,
  author = {Michael Mampaey and Nikolaj Tatti and Jilles Vreeken},
  title = {Tell Me What {I} Need To Know: Succinctly Summarising Data by Itemsets},
  booktitle = {Proc. KDD'11},
  year = {2011}
}

@INPROCEEDINGS{mampaey10pkdd,
  author = {Michael Mampaey and Jilles Vreeken},
  title = {Summarising Data by Clustering Items},
  booktitle = {Proc. ECMLPKDD'10},
  year = {2010}
}

@INPROCEEDINGS{mannila96,
  author = {H. Mannila and H. Toivonen},
  title = {Multiple uses of frequent sets and condensed representations},
  booktitle = {Proc. {KDD}'96},
  year = {1996},
  pages = {189--194}
}

@INPROCEEDINGS{mehta96sliq,
  author = {M. Mehta and R. Agrawal and J. Rissanen},
  title = {SLIQ: A Fast Scalable Classifier for Data Mining},
  booktitle = {Advances in database technology},
  year = {1996},
  pages = {18--32},
  publisher = {Springer}
}

@INPROCEEDINGS{mehta95mdlprune,
  author = {M. Mehta and J. Rissanen and R. Agrawal},
  title = {MDL-Based Decision Tree Pruning},
  booktitle = {KDD},
  year = {1995},
  pages = {216-221}
}

@INPROCEEDINGS{meretakis00lbstudy,
  author = {D. Meretakis and H. Lu and B. W\"{u}thrich},
  title = {A Study on the Performance of Large Bayes Classifier},
  booktitle = {Proc. {ECML}'00},
  year = {2000},
  pages = {271--279}
}

@INPROCEEDINGS{meretakis99lb,
  author = {D. Meretakis and B. W{\"u}thrich},
  title = {Extending Na{\"i}ve Bayes Classifiers Using Long Itemsets},
  booktitle = {Proc. {KDD}'99},
  year = {1999},
  pages = {165-ï¿½174}
}

@INPROCEEDINGS{mielikainenmannila03,
  author = {T. Mielik{\"a}inen and H. Mannila},
  title = {The Pattern Ordering Problem},
  booktitle = {Proc. {ECML} {PKDD}'03},
  year = {2003},
  pages = {327--338}
}

@ARTICLE{DBLP:journals/tkde/MiettinenMGDM08,
  author = {Pauli Miettinen and Taneli Mielik{\"a}inen and Aristides Gionis and
	Gautam Das and Heikki Mannila},
  title = {The Discrete Basis Problem},
  journal = {IEEE Trans. Knowl. Data Eng.},
  year = {2008},
  volume = {20},
  pages = {1348-1362},
  number = {10},
  bibsource = {DBLP, http://dblp.uni-trier.de},
  ee = {http://dx.doi.org/10.1109/TKDE.2008.53}
}

@INPROCEEDINGS{miettinen11mdl4bmf,
  author = {Miettinen, Pauli and Vreeken, Jilles},
  title = {Model Order Selection for Boolean Matrix Factorization},
  booktitle = {Proc. KDD'11},
  year = {2011},
  publisher = {ACM}
}

@INPROCEEDINGS{nijssen07decision,
  author = {S. Nijssen and {\'E}. Fromont},
  title = {Mining optimal decision trees from itemset lattices},
  booktitle = {Proc. {KDD}'07},
  year = {2007},
  pages = {530-539}
}

@ARTICLE{omiecinski03measure,
  author = {E.R. Omiecinski},
  title = {Alternative Interest Measures for Mining Associations in Databases},
  journal = {IEEE Transactions on Knowledge and Data Engineering},
  year = {2003},
  volume = {15},
  pages = {57--69},
  number = {1},
  doi = {10.1109/TKDE.2003.1161582}
}

@INPROCEEDINGS{pasquier99discovering,
  author = {N. Pasquier and Y. Bastide and R. Taouil and L. Lakhal},
  title = {Discovering Frequent Closed Itemsets for Association Rules},
  booktitle = {Proc. {ICDT}'99},
  year = {1999},
  pages = {398--416}
}

@INPROCEEDINGS{pensa05bicluster,
  author = {Pensa, R. and Robardet, C. and Boulicaut, J-F.},
  title = {A bi-clustering framework for categorical data},
  booktitle = {Proceedings of the {ECML} {PKDD} European conference on machine learning
	and principles and practice of knowledge discovery in databases},
  year = {2005},
  pages = {643-650},
  publisher = {Springer-Verlag}
}

@INPROCEEDINGS{pfahringer95fs,
  author = {B. Pfahringer},
  title = {Compression-Based Feature Subset Selection},
  booktitle = {Proc. {IJCAI}'95 Workshop on Data Engineering for Inductive Learning},
  year = {1995},
  pages = {109--119}
}

@ARTICLE{remmerie11bnpage,
  author = {Noor Remmerie and Thomas De Vijlder and Dirk Valkenborg and Kris
	Laukens and Koen Smets and Jilles Vreeken and Inge Mertens and Sebastien
	Carpentier and Bart Panis and Geert de Jaeger and Els Prinsen and
	Erwin Witters},
  title = {Unraveling tobacco BY-2 protein complexes with BN PAGE/LC-MS/MS and
	clustering methods},
  journal = {Journal of Proteomics},
  year = {2011},
  publisher = {Elsevier}
}

@INPROCEEDINGS{siebes11groei,
  author = {Siebes, Arno and Kersten, Ren\'{e}},
  title = {A Structure Function for Transaction Data},
  booktitle = {Proc. SDM'11},
  year = {2011},
  publisher = {SIAM}
}

@INPROCEEDINGS{siebes06,
  author = {Siebes, A. and Vreeken, J. and {van Leeuwen}, M.},
  title = {Item Sets that Compress},
  booktitle = {Proc. {SDM}'06},
  year = {2006},
  pages = {393--404}
}

@INPROCEEDINGS{smets11odd,
  author = {Koen Smets and Jilles Vreeken},
  title = {The Odd One Out - Identifying and Characterising Anomalies},
  booktitle = {Proc. SDM'11},
  year = {2011}
}

@INPROCEEDINGS{tatti10kdd,
  author = {Nikolaj Tatti},
  title = {Probably the Best Itemsets},
  booktitle = {Proc. KDD'10},
  year = {2010}
}

@INPROCEEDINGS{tatti09episodes,
  author = {Nikolaj Tatti},
  title = {Significance of Episodes Based on Minimal Windows},
  booktitle = {Proc. ICDM'09},
  year = {2009},
  pages = {513--522}
}

@ARTICLE{tatti08entropy,
  author = {Nikolaj Tatti},
  title = {Maximum entropy based significance of itemsets},
  journal = {Knowl. Inf. Syst.},
  year = {2008},
  volume = {17},
  pages = {57--77},
  number = {1}
}

@INPROCEEDINGS{tatti08decomposable,
  author = {Nikolaj Tatti and Hannes Heikinheimo},
  title = {Decomposable Families of Itemsets},
  booktitle = {Proc. ECMLPKDD'08},
  year = {2008},
  pages = {472--487}
}

@INPROCEEDINGS{tatti08partition,
  author = {N. Tatti and H. Heikinheimo},
  title = {Decomposable Families of Itemsets},
  booktitle = {Proc. {ECMLPKDD}'08},
  year = {2008}
}

@INPROCEEDINGS{tatti11apples,
  author = {Nikolaj Tatti and Jilles Vreeken},
  title = {Comparing Apples and Oranges: Measuring Differences between Data
	Mining Results},
  booktitle = {Proc. ECMLPKDD'11},
  year = {2011}
}

@INPROCEEDINGS{tatti08pack,
  author = {N. Tatti and J. Vreeken},
  title = {Finding Good Itemsets by Packing Data},
  booktitle = {Proc. {ICDM}'08},
  year = {2008},
  pages = {588--597}
}

@BOOK{vapnik98,
  title = {Statistical Learning Theory},
  publisher = {John Wiley and Sons},
  year = {1998},
  author = {V.N. Vapnik}
}

@INPROCEEDINGS{vreeken07diff,
  author = {J. Vreeken and M. {van Leeuwen} and A. Siebes},
  title = {Characterising the Difference},
  booktitle = {Proc. {KDD}'07},
  year = {2007},
  pages = {765-ï¿½774}
}

@INPROCEEDINGS{vreeken08km,
  author = {J. Vreeken and A. Siebes},
  title = {Filling in the Blanks -- \textsc{Krimp} Minimisation for Missing
	Data},
  booktitle = {Proc. {ICDM}'08},
  year = {2008},
  pages = {1067-1072}
}

@INPROCEEDINGS{wang05harmony,
  author = {J. Wang and G. Karypis},
  title = {{HARMONY}: Efficiently Mining the Best Rules for Classification},
  booktitle = {Proc. {SDM}'05},
  year = {2005},
  pages = {205-216}
}

@INPROCEEDINGS{wang99clusterlargeitems,
  author = {Wang, K. and Xu, C. and Liu, B.},
  title = {Clustering Transactions Using Large Items},
  booktitle = {Proc. {CIKM}'99},
  year = {1999},
  pages = {483-490}
}

@ARTICLE{naivebayes,
  author = {H.R. Warner and A.F. Toronto and L.R. Veasey and R. Stephenson},
  title = {A Mathematical Model for Medical Diagnosis, application to congenital
	heart disease},
  journal = {Journal of the American Medical Association},
  year = {1961},
  volume = {177},
  pages = {177-184}
}

@INPROCEEDINGS{yan05profile,
  author = {X. Yan and H. Cheng and J. Han and D. Xin},
  title = {Summarizing Itemset Patterns: A Profile-Based Approach},
  booktitle = {Proc. {KDD}'05},
  year = {2005},
  pages = {314-323}
}

@INPROCEEDINGS{yin03cpar,
  author = {X. Yin and J. Han},
  title = {{CPAR}: Classification based on Predictive Association Rules},
  booktitle = {Proc. {SDM}'03},
  year = {2003},
  pages = {331--335}
}

@INPROCEEDINGS{zaki98,
  author = {M.J. Zaki and M. Orihara},
  title = {Theoretical Foundations of Association Rules},
  booktitle = {Proceedings of {SIGMOD}'98 workshop on Research Issues in KDD},
  year = {1998}
}

@INPROCEEDINGS{zhang00icaep,
  author = {X. Zhang and D. Guozhu and K. Ramamohanarao},
  title = {Information-based Classification by Aggregating Emerging Patterns},
  booktitle = {Proc. {IDEAL}'00},
  year = {2000},
  pages = {48--53}
}

@BOOK{hand02,
  title = {Pattern Detection and Discovery},
  publisher = {Springer-Verlag},
  year = {2002},
  editor = {D. Hand and N. Adams and R. Bolton}
}

